%%%%%%%%%%%%%%%%%%%%%%%%%%%%%%%%%%%%%%%%%%%%%%%%%%%%%%%%%%%%%%%%%%%%%%%%%%%%%%%%
%%%%%%%%%%%%%%%%%%%% INSERINDO COMENTÁRIOS EM ARQUIVOS .bib %%%%%%%%%%%%%%%%%%%%
%%%%%%%%%%%%%%%%%%%%%%%%%%%%%%%%%%%%%%%%%%%%%%%%%%%%%%%%%%%%%%%%%%%%%%%%%%%%%%%%
%
% 1. Como em outros arquivos LaTeX, comentários são iniciados por "%" e,
%    portanto, é preciso usar "\%" para imprimir o caractere "%". Esquecer
%    disso pode gerar erros difíceis de encontrar!
%
% 2. Não é possível inserir comentários dentro de uma entrada, apenas fora.
%
% 3. Não é possível incluir o caractere arroba em um comentário.
%
% 4. Se quiser desabilitar temporariamente um campo ("comentar" o campo),
%    troque seu nome para algum nome inválido, como "author-disable".
%    Se quiser fazer alguma observação permanente dentro de uma entrada,
%    você também pode usar algum nome de campo inválido, como "lembrete",
%    ou usar o campo "annotation", que normalmente é ignorado.
%
% 5. Se quiser desabilitar temporariamente uma entrada inteira ("comentar" a
%    entrada), não basta colocar "%" nas linhas correspondentes por causa do
%    caractere arroba; também é preciso remover a arroba.
%
% 6. Na verdade, as regras não são bem essas, mas segui-las é uma boa ideia:
%    https://tex.stackexchange.com/a/262282


% Esta entrada está comentada, ou seja, não tem efeito: se houvesse uma
% referência a ela no texto, a referência ficaria inválida. Observe que,
% para isso, o caractere arroba foi apagado!
%Book{JW82,
% author    = {Richard A. Johnson and Dean W. Wichern},
% title     = {Applied Multivariate Statistical Analysis},
% publisher = {Prentice-Hall},
% year      = {1983}
%}

% Esta entrada não está em uso em tese.tex, apenas em
% apresentacao.tex, mas isso não é um problema: você pode
% ter um banco de dados com todos os papers que são de seu
% interesse e, em um dado texto, citar apenas alguns deles.
@article{Holten2006,
	title        = {Hierarchical Edge Bundles: Visualization of Adjacency Relations in Hierarchical Data},
	author       = {Holten, Danny},
	year         = 2006,
	month        = sep,
	journal      = {IEEE Transactions on Visualization and Computer Graphics},
	publisher    = {IEEE Educational Activities Department},
	address      = {Piscataway, NJ, USA},
	volume       = 12,
	number       = 5,
	pages        = {741--748},
	doi          = {10.1109/TVCG.2006.147},
	issn         = {1077-2626},
	url          = {https://doi.org/10.1109/TVCG.2006.147},
	issue_date   = {September 2006},
	numpages     = 8,
	acmid        = 1187772,
	keywords     = {Network visualization, Network visualization, edge bundling, edge aggregation, edge concentration, curves, graph visualization, tree visualization, node-link diagrams, hierarchies, treemaps., curves, edge aggregation, edge bundling, edge concentration, graph visualization, hierarchies, node-link diagrams, tree visualization, treemaps.}
}
@article{Schaeffer2007,
	title        = {Graph clustering},
	author       = {Satu Elisa Schaeffer},
	year         = 2007,
	journal      = {Computer Science Review},
	volume       = 1,
	number       = 1,
	pages        = {27--64},
	doi          = {https://doi.org/10.1016/j.cosrev.2007.05.001},
	issn         = {1574-0137},
	url          = {http://www.sciencedirect.com/science/article/pii/S1574013707000020}
}
@article{Aigner2008,
	title        = {Visual Methods for Analyzing Time-Oriented Data},
	author       = {W. Aigner and S. Miksch and W. Müller and H. Schumann and C. Tominski},
	year         = 2008,
	month        = jan,
	journal      = {IEEE Transactions on Visualization and Computer Graphics},
	volume       = 14,
	number       = 1,
	pages        = {47--60},
	doi          = {10.1109/TVCG.2007.70415},
	issn         = {1077-2626}
}
@inproceedings{Elmqvist2008,
	title        = {ZAME: Interactive Large-Scale Graph Visualization},
	author       = {N. Elmqvist and T. Do and H. Goodell and N. Henry and J. Fekete},
	year         = 2008,
	month        = mar,
	booktitle    = {2008 IEEE Pacific Visualization Symposium},
	volume       = {},
	number       = {},
	pages        = {215--222},
	doi          = {10.1109/PACIFICVIS.2008.4475479},
	issn         = {2165-8765}
}
@inproceedings{Tarik2009,
	title        = {Proximity-based visualization of movement trace data},
	author       = {T. Crnovrsanin and C. Muelder and C. Correa and K. Ma},
	year         = 2009,
	month        = oct,
	booktitle    = {2009 IEEE Symposium on Visual Analytics Science and Technology},
	volume       = {},
	number       = {},
	pages        = {11--18},
	doi          = {10.1109/VAST.2009.5332593},
	issn         = {}
}
@article{Hurter2009,
	title        = {FromDaDy: Spreading Aircraft Trajectories Across Views to Support Iterative Queries},
	author       = {C. Hurter and B. Tissoires and S. Conversy},
	year         = 2009,
	month        = nov,
	journal      = {IEEE Transactions on Visualization and Computer Graphics},
	volume       = 15,
	number       = 6,
	pages        = {1017--1024},
	doi          = {10.1109/TVCG.2009.145},
	issn         = {1077-2626}
}
@article{Willems2009,
	title        = {{Visualization of vessel traffic}},
	author       = {Willems, Niels and Scheepens, Roeland and {Van De Wetering}, Huub and {Van Wijk}, Jarke J.},
	year         = 2009,
	journal      = {Situation Awareness with Systems of Systems},
	number       = 3,
	pages        = {73--87}
}
@inproceedings{Holten2009,
	title        = {Force-directed Edge Bundling for Graph Visualization},
	author       = {Holten, Danny and van Wijk, Jarke J.},
	year         = 2009,
	booktitle    = {Proceedings of the 11th Eurographics / IEEE - VGTC Conference on Visualization},
	location     = {Berlin, Germany},
	publisher    = {The Eurographs Association \&\#38; John Wiley \&\#38; Sons, Ltd.},
	address      = {Chichester, UK},
	series       = {EuroVis'09},
	pages        = {983--998},
	doi          = {10.1111/j.1467-8659.2009.01450.x},
	url          = {http://dx.doi.org/10.1111/j.1467-8659.2009.01450.x},
	numpages     = 16,
	acmid        = 2421942
}
@article{JoWood2010,
	title        = {Visualisation of Origins, Destinations and Flows with OD Maps},
	author       = {Jo Wood and Jason Dykes and Aidan Slingsby},
	year         = 2010,
	journal      = {The Cartographic Journal},
	publisher    = {Taylor & Francis},
	volume       = 47,
	number       = 2,
	pages        = {117--129},
	doi          = {10.1179/000870410X12658023467367},
	url          = {ttps://doi.org/10.1179/000870410X12658023467367},
	eprint       = {https://doi.org/10.1179/000870410X12658023467367}
}
@inproceedings{Telea2010,
	title        = {Image-based Edge Bundles: Simplified Visualization of Large Graphs},
	author       = {Telea, A. and Ersoy, O.},
	year         = 2010,
	booktitle    = {Proceedings of the 12th Eurographics / IEEE - VGTC Conference on Visualization},
	location     = {Bordeaux, France},
	publisher    = {The Eurographs Association \&\#38; John Wiley \&\#38; Sons, Ltd.},
	address      = {Chichester, UK},
	series       = {EuroVis'10},
	pages        = {843--852},
	doi          = {10.1111/j.1467-8659.2009.01680.x},
	url          = {http://dx.doi.org/10.1111/j.1467-8659.2009.01680.x},
	numpages     = 10,
	acmid        = 2421847
}
@article{Ersoy2011,
	title        = {Skeleton-Based Edge Bundling for Graph Visualization},
	author       = {O. Ersoy and C. Hurter and F. Paulovich and G. Cantareiro and A. Telea},
	year         = 2011,
	month        = dec,
	journal      = {IEEE Transactions on Visualization and Computer Graphics},
	volume       = 17,
	number       = 12,
	pages        = {2364--2373},
	doi          = {10.1109/TVCG.2011.233},
	issn         = {1077-2626}
}
@article{Selassie2011,
	title        = {Divided Edge Bundling for Directional Network Data},
	author       = {D. Selassie and B. Heller and J. Heer},
	year         = 2011,
	month        = dec,
	journal      = {IEEE Transactions on Visualization and Computer Graphics},
	volume       = 17,
	number       = 12,
	pages        = {2354--2363},
	doi          = {10.1109/TVCG.2011.190},
	issn         = {1077-2626},
	keywords     = {data visualisation;directed graphs;matrix algebra;pattern clustering;directional network data;node link diagram;graph theory;directed edge bundling;graph connectivity;directional edge patterns;graph topology;visualization;matrix diagrams;clustered graphs;Encoding;Graphics;Image edge detection;Data visualization;Graph visualization;aggregation;node-link diagrams;edge bundling;physical simulation.}
}
@inproceedings{Guo2011,
	title        = {TripVista: Triple Perspective Visual Trajectory Analytics and its application on microscopic traffic data at a road intersection},
	author       = {H. {Guo} and Z. {Wang} and B. {Yu} and H. {Zhao} and X. {Yuan}},
	year         = 2011,
	month        = mar,
	booktitle    = {2011 IEEE Pacific Visualization Symposium},
	volume       = {},
	number       = {},
	pages        = {163--170},
	doi          = {10.1109/PACIFICVIS.2011.5742386},
	issn         = {2165-8765},
	keywords     = {data visualisation;interactive systems;road traffic;traffic engineering computing;user interfaces;TripVista;triple perspective visual trajectory analytics;microscopic traffic data;road intersection;interactive visual analytics system;user interface;pattern exploration;ring-style slider;ThemeRiver;abnormal traffic flow pattern;multidimensional data visualization;Trajectory;Data visualization;Roads;Rivers;Brushes;Visual analytics;Visual analytics;Linked view;Spatiotemporal;Multidimensional data visualization;Traffic visualization}
}
@article{Andrienko2011,
	title        = {{Spatial Generalization and Aggregation of Massive Movement Data}},
	author       = {Andrienko, Natalia and Andrienko, Gennady},
	year         = 2011,
	month        = feb,
	journal      = {IEEE Transactions on Visualization and Computer Graphics},
	volume       = 17,
	number       = 2,
	pages        = {205--219},
	doi          = {10.1109/TVCG.2010.44},
	issn         = {1077-2626},
	url          = {http://ieeexplore.ieee.org/document/5432167/}
}
@article{Zhang2011,
	title        = {Data-Driven Intelligent Transportation Systems: A Survey},
	author       = {J. Zhang and F. Wang and K. Wang and W. Lin and X. Xu and C. Chen},
	year         = 2011,
	month        = dec,
	journal      = {IEEE Transactions on Intelligent Transportation Systems},
	volume       = 12,
	number       = 4,
	pages        = {1624--1639},
	doi          = {10.1109/TITS.2011.2158001},
	issn         = {1524-9050}
}
@article{Comaniciu2012,
	title        = {Mean shift: A robust approach toward feature space analysis},
	author       = {Comaniciu, D and Peter, M},
	year         = 2002,
	month        = {01},
	journal      = {IEEE Transactions on Pattern Analysis and Machine Intelligence},
	volume       = 25,
	pages        = {281--288}
}
@article{hurter:12,
	title        = {Graph Bundling by Kernel Density Estimation},
	author       = {Hurter, C. and Ersoy, O. and Telea, A.},
	year         = 2012,
	journal      = {Comput. Graph. Forum},
	publisher    = {The Eurographics Association and John Wiley \& Sons, Ltd.},
	address      = {Chichester, UK},
	volume       = 31,
	number       = {3pt1},
	pages        = {865--874},
	numpages     = 10
}
@article{Zeng2013,
	title        = {{Visualizing Interchange Patterns in Massive Movement Data}},
	author       = {Zeng, Wei and Fu, Chi‐Wing and Arisona, Stefan M{\"{u}}ller and Qu, Huamin},
	year         = 2013,
	journal      = {Computer Graphics Forum},
	volume       = 32,
	number       = {3pt3},
	pages        = {271--280},
	doi          = {10.1111/cgf.12114},
	url          = {https://onlinelibrary.wiley.com/doi/abs/10.1111/cgf.12114},
	keywords     = {H.5.2 Information Interfaces and Presentation: Use,I.3.8 Computer Graphics: Application—Geographical}
}
@phdthesis{Ersoy2013,
	title        = {Image-Based Graph Visualization},
	author       = {Ersoy, Ozan},
	year         = 2013
}
@phdthesis{Klein2013,
	title        = {Real Time Multi Scale Visualization of Flight Data},
	author       = {Klein, Tijmen},
	year         = 2013
}
@article{Liu2013,
	title        = {{VAIT: A Visual Analytics System for Metropolitan Transportation}},
	author       = {Liu, Siyuan and Pu, Jiansu and Luo, Qiong and Qu, Huamin and Ni, Lionel M. and Krishnan, Ramayya},
	year         = 2013,
	month        = dec,
	journal      = {IEEE Transactions on Intelligent Transportation Systems},
	volume       = 14,
	number       = 4,
	pages        = {1586--1596},
	doi          = {10.1109/TITS.2013.2263225},
	isbn         = 9781450310314,
	issn         = {1524-9050},
	url          = {http://ieeexplore.ieee.org/lpdocs/epic03/wrapper.htm?arnumber=6522454}
}
@inproceedings{Chu2014,
	title        = {Visualizing Hidden Themes of Taxi Movement with Semantic Transformation},
	author       = {D. {Chu} and D. A. {Sheets} and Y. {Zhao} and Y. {Wu} and J. {Yang} and M. {Zheng} and G. {Chen}},
	year         = 2014,
	month        = mar,
	booktitle    = {2014 IEEE Pacific Visualization Symposium},
	volume       = {},
	number       = {},
	pages        = {137--144},
	doi          = {10.1109/PacificVis.2014.50},
	issn         = {2165-8765}
}
@inproceedings{Hurter2013,
	title        = {Smooth bundling of large streaming and sequence graphs},
	author       = {C. Hurter and O. Ersoy and A. Telea},
	year         = 2013,
	month        = feb,
	booktitle    = {2013 IEEE Pacific Visualization Symposium (PacificVis)},
	volume       = {},
	number       = {},
	pages        = {41--48},
	doi          = {10.1109/PacificVis.2013.6596126},
	issn         = {2165-8765}
}
@article{Hurter2014,
	title        = {{Bundled Visualization of Dynamic Graph and Trail Data}},
	author       = {Hurter, Christophe and Ersoy, Ozan and Fabrikant, Sara Irina and Klein, Tijmen R. and Telea, Alexandru C.},
	year         = 2014,
	journal      = {IEEE Transactions on Visualization and Computer Graphics},
	volume       = 20,
	number       = 8,
	pages        = {1141--1157},
	issn         = {1077-2626}
}
@article{Zhou2013,
	title        = {{Edge bundling in information visualization}},
	author       = {Zhou, Hong and Xu, Panpan and Yuan, Xiaoru and Qu, Huamin},
	year         = 2013,
	journal      = {Tsinghua Science and Technology},
	volume       = 18,
	number       = 2,
	pages        = {145--156}
}
@article{Ferreira2013,
	title        = {Visual Exploration of Big Spatio-Temporal Urban Data: A Study of New York City Taxi Trips},
	author       = {N. Ferreira and J. Poco and H. T. Vo and J. Freire and C. T. Silva},
	year         = 2013,
	month        = dec,
	journal      = {IEEE Transactions on Visualization and Computer Graphics},
	volume       = 19,
	number       = 12,
	pages        = {2149--2158},
	doi          = {10.1109/TVCG.2013.226},
	issn         = {1077-2626}
}
@inproceedings{Pu2013,
	title        = {T-Watcher: A New Visual Analytic System for Effective Traffic Surveillance},
	author       = {J. Pu and S. Liu and Y. Ding and H. Qu and L. Ni},
	year         = 2013,
	month        = jun,
	booktitle    = {2013 IEEE 14th International Conference on Mobile Data Management},
	volume       = 1,
	number       = {},
	pages        = {127--136},
	doi          = {10.1109/MDM.2013.23},
	issn         = {1551-6245}
}
@article{Klein2014,
	title        = {{Dynamic multiscale visualization of flight data}},
	author       = {Klein, Tijmen and van der Zwan, Matthew and Telea, Alexandru},
	year         = 2014,
	journal      = {Computer Vision Theory and Applications (VISAPP), 2014 International Conference on},
	volume       = 1,
	pages        = {104--114}
}
@article{Chen2015,
	title        = {{A Survey of Traffic Data Visualization}},
	author       = {Chen, Wei and Guo, Fangzhou and Wang, Fei Yue},
	year         = 2015,
	journal      = {IEEE Transactions on Intelligent Transportation Systems},
	publisher    = {IEEE},
	volume       = 16,
	number       = 6,
	pages        = {2970--2984}
}
@article{Andrea2016,
	title        = {Geoplotlib: a Python Toolbox for Visualizing Geographical Data},
	author       = {Andrea Cuttone and Sune Lehmann and Jakob Eg Larsen},
	year         = 2016,
	journal      = {CoRR},
	volume       = {abs/1608.01933},
	url          = {http://arxiv.org/abs/1608.01933},
	archiveprefix = {arXiv},
	eprint       = {1608.01933},
	timestamp    = {Mon, 13 Aug 2018 16:47:02 +0200},
	biburl       = {https://dblp.org/rec/bib/journals/corr/CuttoneLL16},
	bibsource    = {dblp computer science bibliography, https://dblp.org}
}
@article{ZegarraFlores2016,
	title        = {{Attribute-Driven Edge Bundling for General Graphs with Applications in Trail Analysis}},
	author       = {{Zegarra Flores}, Jesus Victor and Rasseneur, Laurence and Galani, Rodrigue and Rakitic, Fabienne and Farcy, Ren{\'{e}}},
	year         = 2016,
	journal      = {Journal of Assistive Technologies},
	volume       = 10,
	number       = 3,
	pages        = {133--139},
	doi          = {10.1108/JAT-05-2015-0018},
	isbn         = {978-1-4673-6879-7},
	issn         = 20428723,
	keywords     = {Barometer,IMU,Indoor navigation,Smart phone,University buildings,Visually impaired person}
}
@article{zwan:16,
	title        = {{CUBu: Universal Real-Time Bundling for Large Graphs}},
	author       = {{Van Der Zwan}, Matthew and Codreanu, Valeriu and Telea, Alexandru},
	year         = 2016,
	journal      = {IEEE Transactions on Visualization and Computer Graphics},
	volume       = 22,
	number       = 12,
	pages        = {2550--2563}
}
@inproceedings{Daniel2016,
	title        = {InterSCity: Addressing Future Internet Research Challenges for Smart Cities},
	author       = {Daniel Mac\^{e}do Batista and Alfredo Goldman and Roberto Hirata Jr. and Fabio Kon and Fabio M. Costa and Markus Endler},
	year         = 2016,
	booktitle    = {Online Proceedings},
	publisher    = {IEEE},
	doi          = {10.1109/NOF.2016.7810114},
	isbn         = {978-1-5090-4671-3},
	url          = {http://ieeexplore.ieee.org/document/7810114/},
	eventdate    = {16--18 November, 2016},
	eventtitle   = {7th IEEE International Conference on Network of the Future},
	venue        = {B\'{u}zios, RJ --- Brazil}
}
@book{Cairo2016,
	title        = {The Truthful Art: Data, Charts, and Maps for Communication},
	author       = {Cairo, Alberto},
	year         = 2016,
	publisher    = {New Riders Publishing},
	address      = {Thousand Oaks, CA, USA},
	isbn         = {0321934075, 9780321934079},
	edition      = {1st}
}
@article{Landersberg2016,
	title        = {MobilityGraphs: Visual Analysis of Mass Mobility Dynamics via Spatio-Temporal Graphs and Clustering},
	author       = {T. von Landesberger and F. Brodkorb and P. Roskosch and N. Andrienko and G. Andrienko and A. Kerren},
	year         = 2016,
	month        = jan,
	journal      = {IEEE Transactions on Visualization and Computer Graphics},
	volume       = 22,
	number       = 1,
	pages        = {11--20},
	doi          = {10.1109/TVCG.2015.2468111},
	issn         = {1077-2626}
}
@article{Andrienko2017Visual,
	title        = {{Visual analytics of mobility and transportation: State of the art and further research directions}},
  author       = {G. {Andrienko} and N. {Andrienko} and W. {Chen} and R. {Maciejewski} and Y. {Zhao}},
	year         = 2017,
	journal      = {IEEE Transactions on Intelligent Transportation Systems},
	volume       = 18,
	number       = 8,
	pages        = {2232--2249},
	doi          = {10.1109/TITS.2017.2683539},
	isbn         = {1524-9050},
	issn         = 15249050,
	mendeley-groups = {Trailing Visualization/3 stars}
}
@article{Anita2017,
	title        = {Untangling origin-destination flows in geographic information systems},
	author       = {Anita Graser and Johanna Schmidt and Florian Roth and Norbert Br\"andle},
	year         = 2017,
	journal      = {Information Visualization},
	volume       = 18,
	number       = 1,
	pages        = {153--172}
}
@article{He2017,
	title        = {{Mapping to Cells: A Simple Method to Extract Traffic Dynamics from Probe Vehicle Data}},
	author       = {He, Zhengbing and Zheng, Liang and Chen, Peng and Guan, Wei},
	year         = 2017,
	month        = mar,
	journal      = {Computer-Aided Civil and Infrastructure Engineering},
	publisher    = {John Wiley & Sons, Inc.},
	volume       = 32,
	number       = 3,
	pages        = {252--267},
	doi          = {10.1111/mice.12251},
	issn         = 10939687,
	url          = {http://doi.wiley.com/10.1111/mice.12251}
}
@article{Andrienko2017,
	title        = {{Revealing Patterns and Trends of Mass Mobility Through Spatial and Temporal Abstraction of Origin-Destination Movement Data}},
	author       = {Andrienko, Gennady and Andrienko, Natalia and Fuchs, Georg and Wood, Jo},
	year         = 2017,
	month        = sep,
	journal      = {IEEE Transactions on Visualization and Computer Graphics},
	volume       = 23,
	number       = 9,
	pages        = {2120--2136},
	doi          = {10.1109/TVCG.2016.2616404},
	issn         = {1077-2626},
	url          = {http://ieeexplore.ieee.org/document/7587808/}
}
@article{Lhuillier2017,
	title        = {{State of the Art in Edge and Trail Bundling Techniques}},
	author       = {Lhuillier, A and Hurter, C and Telea, A},
	year         = 2017,
	journal      = {Computer Graphics Forum},
	publisher    = {The Eurographics Association and John Wiley \& Sons, Ltd.},
	volume       = 36,
	number       = 3,
	pages        = {619--645},
	issn         = {0167-7055}
}
@article{Blascheck2017,
	title        = {Visualization of Eye Tracking Data: A Taxonomy and Survey: Visualization of Eye Tracking Data},
	author       = {Blascheck, T. and Kurzhals, K. and Raschke, Michael and Burch, Michael and Weiskopf, D. and Ertl, Thomas},
	year         = 2017,
	month        = {02},
	journal      = {Computer Graphics Forum},
	pages        = {},
	doi          = {10.1111/cgf.13079}
}
@article{Hurter:18,
	title        = {{Functional Decomposition for Bundled Simplification of Trail Sets}},
	author       = {Hurter, Christophe and Puechmorel, St{\'{e}}phane and Nicol, Florence and Telea, Alexandru},
	year         = 2018,
	journal      = {IEEE Transactions on Visualization and Computer Graphics},
	volume       = 24,
	number       = 1,
	pages        = {500--510}
}
@inproceedings{mabs2017,
	title        = {InterSCSimulator: Large-Scale Traffic Simulation in Smart Cities Using Erlang},
	author       = {Santana, Eduardo Felipe Zambom and Lago, Nelson and Kon, Fabio and Milojicic, Dejan S.},
	year         = 2018,
	booktitle    = {Multi-Agent Based Simulation XVIII},
	publisher    = {Springer International Publishing},
	address      = {Cham},
	pages        = {211--227},
	isbn         = {978-3-319-91587-6},
	editor       = {Dimuro, Gra{\c{c}}aliz Pereira and Antunes, Luis}
}
@inbook{Telea2018,
	title        = {Image-Based Graph Visualization: Advances and Challenges: 26th International Symposium, GD 2018, Barcelona, Spain, September 26-28, 2018, Proceedings},
	author       = {Telea, Alexandru},
	year         = 2018,
	month        = {09},
	pages        = {3--19},
	doi          = {10.1007/978-3-030-04414-5_1},
	isbn         = {978-3-030-04413-8}
}
@online{Senseable2018,
	title        = {{Trains of data}},
	author       = {Kristian Kloeckl and Xiaoji Chen and Christian Sommer and Carlo Ratti and Assaf Biderman},
	url          = {http://senseable.mit.edu/trainsofdata},
	urldate      = {2018-12-28}
}
@inproceedings{santana2018courb,
	title        = {{Gera\c{c}\~{a}o de Rastros de Mobilidade para Experimentos em Redes Veiculares}},
	author       = {Eduardo Felipe Zambom Santana and Lucas Kanashiro and Fabio Kon},
	year         = {{2018}},
	booktitle    = {{Segundo Workshop de Computa\c{c}\~{a}o Urbana (CoUrb)}}
}
@inproceedings{Melissa2018,
	title        = {{Cria\c{c}\~{a}o de Modelo para Simula\c{c}\~{a}o de Movimenta\c{c}\~{a}o de \^{O}nibus a Partir de Dados Reais}},
	author       = {Melissa Wen and Thatiane de O. Rosa and Mariana C. Souza and Robson P. Aleixo and Camilla Alves and Lucas S\'{a} and Eduardo Felipe Zambom Santana and Fabio Kon},
	year         = {{2018}},
	booktitle    = {{Primeiro Workshop Brasileiro de Cidades Inteligentes --- WBCI 2018}}
}
@article{Arthur2019,
	title        = {Design and evaluation of a scalable smart city software platform with large-scale simulations},
	author       = {Arthur de M. Del Esposte and Eduardo F. Z. Santana and Lucas Kanashiro and Fabio M. Costa and Kelly R. Braghetto and Nelson Lago and Fabio Kon},
	year         = 2019,
	journal      = {Future Generation Computer Systems},
	volume       = 93,
	pages        = {427--441}
}
@article{Kim2018,
	title        = {{Data Flow Analysis and Visualization for Spatiotemporal Statistical Data without Trajectory Information}},
	author       = {Kim, Seokyeon and Jeong, Seongmin and Woo, Insoo and Jang, Yun and Maciejewski, Ross and Ebert, David S.},
	year         = 2018,
	journal      = {IEEE Transactions on Visualization and Computer Graphics},
	volume       = 24,
	number       = 3,
	pages        = {1287--1300},
	doi          = {10.1109/TVCG.2017.2666146},
	isbn         = {1077-2626 VO - PP},
	issn         = 10772626,
	keywords     = {Spatiotemporal data visualization,flow map,gravity model,kernel density estimation},
	mendeley-groups = {Trailing Visualization/3 stars},
	pmid         = 12991095
}
%%%%%--------------------------------------------------HERE
@book{knuth:84,
	title        = {The {\TeX} Book},
	author       = {Donald E. Knuth},
	year         = 1984,
	publisher    = {Addison-Wesley},
	edition      = {15th}
}
@incollection{boulic:91,
	title        = {3D Hierarchies for Animation},
	author       = {R. Boulic and O. Renault},
	year         = 1991,
	booktitle    = {New Trends in Animation and Visualization},
	publisher    = {John Wiley {\&} Sons ltd.},
	editor       = {Nadia Magnenat-Thalmann and Daniel Thalmann}
}
@incollection{smith:99,
	title        = {On the Complexity of Computing},
	author       = {A. Smith and B. Jones},
	year         = 1999,
	booktitle    = {Advances in Computer Science},
	publisher    = {Publishing Press},
	pages        = {555--566},
	editor       = {A. B. Smith-Jones}
}
@article{zeng:19,
	title        = {Route-Aware Edge Bundling for Visualizing Origin-Destination Trails in Urban Traffic},
	author       = {Zeng, W. and Shen, Q. and Jiang, Y. and Telea, A.},
	year         = 2019,
	journal      = {Computer Graphics Forum},
	volume       = 38,
	number       = 3,
	pages        = {581--593}
}
@article{holten06,
	title        = {Hierarchical Edge Bundles: Visualization of Adjacency Relations in Hierarchical Data},
	author       = {D. Holten},
	year         = 2006,
	journal      = {IEEE Transactions on Visualization and Computer Graphics},
	volume       = 12,
	number       = 5,
	pages        = {741--748}
}
@inproceedings{adeb,
	title        = {Attribute-Driven Edge Bundling for General Graphs with Applications in Trail Analysis},
	author       = {V. Peysakhovich and C. Hurter and A. Telea},
	year         = 2015,
	booktitle    = {Proceedings of the 2015 IEEE Pacific Visualization Symposium},
	series       = {{PacificVis}}
}
@mastersthesis{ricardo:18,
	title        = {The welfare costs of traffic congestion in {S\~ao} {Paulo} {Metropolitan} {Area}},
	author       = {Vale, Ricardo Campante Cardoso},
	year         = 2018,
	school       = {School of Economics, Business Administration and Accounting at Ribeir\~ao Preto --- University of S\~ao Paulo}
}
@misc{odmanual:17,
	title        = {A mobilidade urbana da área metropolitana de São Paulo em detalhes},
	author       = {{Compania Metropolitana de S\~ao Paulo ({Metr\^o SP})}},
	year         = 2018,
	publisher    = {Secretaria do Transporte Metropolitano},
	note         = {In Portuguese},
	howpublished = {\url{http://www.metro.sp.gov.br/pesquisa-od/arquivos/Ebook_Pesquisa_OD_2017_final_240719_versao_4.pdf}}
}
@book{slocum09,
	title        = {Thematic Cartography and Geovisualization},
	author       = {T. A. Slocum and R. B. McMaster and F. C. Kessler and H. H. Howard},
	year         = 2009,
	publisher    = {Pearson Prentice Hall},
	address      = {Upper Saddle River, NJ}
}
@book{hurter_book,
	title        = {Image-Based Visualization: Interactive Multidimensional Data Exploration},
	author       = {Christophe Hurter},
	year         = 2015,
	publisher    = {Morgan Claypool},
	address      = {San Rafael, California}
}
@inproceedings{lhuillier-fft:17,
	title        = {{FFTEB}: Edge bundling of huge graphs by the Fast Fourier Transform},
	author       = {A. {Lhuillier} and C. {Hurter} and A. {Telea}},
	year         = 2017,
	month        = apr,
	booktitle    = {Proceedings of the 2017 IEEE Pacific Visualization Symposium (PacificVis)},
	pages        = {190--199}
}
@mastersthesis{haydee:16,
	title        = {Mobility pattern trends in the metropolitan area of S\~ao Paulo: the need of a gender perspective.},
	author       = {Svab, Hayd\'ee},
	year         = 2016,
	school       = {Escola Polit\'ecnica -- University of S\~ao Paulo}
}
@article{comaniciu02,
	title        = {Mean Shift: A Robust Approach Toward Feature Space Analysis},
	author       = {D. Comaniciu and P. Meer},
	year         = 2002,
	journal      = {IEEE Transactions on Pattern Analysis and Machine Intelligence},
	volume       = 24,
	number       = 5,
	pages        = {603--619}
}
@article{burch17,
	title        = {Visualization of Eye Tracking Data: A Taxonomy and Survey},
	author       = {T. Blascheck  and K. Kurzhals and M. Raschke and M. Burch and D. Weiskopf and T. Ertl},
	year         = 2017,
	journal      = {Computer Graphics Forum},
	volume       = 36,
	number       = 8,
	pages        = {260--284}
}
@article{ibeb,
	title        = {Image-Based Edge Bundles: Simplified Visualization of Large Graphs},
	author       = {A. Telea and O. Ersoy},
	year         = 2010,
	journal      = {Computer Graphics Forum},
	volume       = 29,
	number       = 3
}
@article{rolnik2011,
	title        = {{(Im)Mobility in the city of S\~ao Paulo}},
	author       = {Rolnik, Raquel and Klintowitz, Danielle},
	year         = 2011,
	month        = {04},
	journal      = {{Estudos Avan\c{c}ados (Advanced Studies)}},
	volume       = 25,
	pages        = {89--108}
}
@misc{ibge2020,
	title        = {Estimates of the resident population for Brazilian municipalities and federative units with a reference date of July 1, 2020},
	author       = {{Brazilian Institute of Geography and Statistics (IBGE)}},
	year         = 2020,
	howpublished = {\url{ftp://ftp.ibge.gov.br/Estimativas_de_Populacao/Estimativas_2020/estimativa_dou_2020.pdf}}
}
@article{ahlgren2016,
	title        = {Internet of things for smart cities: Interoperability and open data},
	author       = {Ahlgren, Bengt and Hidell, Markus and Ngai, Edith C-H},
	year         = 2016,
	journal      = {IEEE Internet Computing},
	publisher    = {IEEE},
	volume       = 20,
	number       = 6,
	pages        = {52--56}
}
@article{bongiorno2019,
	title        = {Comparing bicycling and pedestrian mobility: Patterns of non-motorized human mobility in Greater Boston},
	author       = {Christian Bongiorno and Daniele Santucci and Fabio Kon and Paolo Santi and Carlo Ratti},
	year         = 2019,
	journal      = {Journal of Transport Geography},
	volume       = 80,
	pages        = 102501
}
@inproceedings{martins2020a,
	title        = {Visualizing the structure of urban mobility with bundling: A case study of the city of {S\~ao Paulo}},
	author       = {Tallys G. Martins and Nelson Lago and Higor A. de Souza and Eduardo F. Z. Santana and Alexandru Telea and Fabio kon},
	year         = 2020,
	booktitle    = {Proceedings of the 4th Workshop of Urban Computing},
	series       = {CoUrb 2020}
}
@inproceedings{thakurzx2012,
	title        = {Modeling and characterization of urban vehicular mobility using web cameras},
	author       = {G. S. {Thakurzx} and P. {Huiz} and A. {Helmyx}},
	year         = 2012,
	booktitle    = {Proceedings of the IEEE INFOCOM Workshops},
	pages        = {262--267}
}
@inproceedings{magrini2015,
	title        = {Computer Vision on Embedded Sensors for Traffic Flow Monitoring},
	author       = {M. {Magrini} and D. {Moroni} and G. {Palazzese} and G. {Pieri} and G. {Leone} and O. {Salvetti}},
	year         = 2015,
	booktitle    = {Proceedings of the 2015 IEEE 18th International Conference on Intelligent Transportation Systems},
	pages        = {161--166}
}
@misc{cceb2008,
	title        = {Crit{\'e}rio de Classifica{\c{c}}{\~a}o Econ{\^o}mica Brasil},
	author       = {Associação Brasileira de Empresas de Pesquisa (ABEP)},
	year         = 2017,
	howpublished = {\url{http://www.abep.org/criterio-brasil}}
}
@misc{seattle20,
	title        = {City of {S}eattle Open Data Portal},
	author       = {{}Municipality of Seattle, USA}
}
,
howpublished = {\url{https://data.seattle.gov}},
year = 2020
}
@article{perezmartinez2017,
	title        = {Heavy truck restrictions and air quality implications in S\~ao Paulo, Brazil},
	author       = {Pedro Jos\'e P\'erez-Mart\'inez and Mar\'ia {de F\'atima Andrade} and Regina Maura {de Miranda}},
	year         = 2017,
	journal      = {Journal of Environmental Management},
	volume       = 202,
	pages        = {55--68}
}
@inproceedings{lucas2016,
	title        = {Transport poverty and its adverse social consequences},
	author       = {Lucas, Karen and Mattioli, Giulio and Verlinghieri, Ersilia and Guzman, Alvaro},
	year         = 2016,
	booktitle    = {Proceedings of the institution of civil engineers -- transport},
	volume       = 169,
	number       = 6,
	pages        = {353--365}
}
@article{carruthers2005,
	title        = {Affordability of public transport in developing countries},
	author       = {Carruthers, Robin and Dick, Malise and Saurkar, Anuja},
	year         = 2005,
	journal      = {Transport Papers},
	publisher    = {World Bank, Washington, DC},
	volume       = {TP-3},
	pages        = {1--27}
}
%%%%%%%%%%%%%%%%%%%%%%%%%%%%%%%%%%%%%%%%%%%%%%%%%%%%%
,
howpublished = {\url{https://data.seattle.gov}},
year = 2020
}

@ARTICLE{guo2014,
  author={D. {Guo} and X. {Zhu}},
  journal={IEEE Transactions on Visualization and Computer Graphics}, 
  title={Origin-Destination Flow Data Smoothing and Mapping}, 
  year={2014},
  volume={20},
  number={12},
  pages={2043-2052},
  doi={10.1109/TVCG.2014.2346271}}